

% 20601685 
@Article{pmid20601685,
   Author="Wang, K.  and Li, M.  and Hakonarson, H. ",
   Title="{{A}{N}{N}{O}{V}{A}{R}: functional annotation of genetic variants from high-throughput sequencing data}",
   Journal="Nucleic Acids Res.",
   Year="2010",
   Volume="38",
   Number="16",
   Pages="e164",
   Month="Sep"
}

% 19505943 
@Article{pmid19505943,
   Author="Li, H.  and Handsaker, B.  and Wysoker, A.  and Fennell, T.  and Ruan, J.  and Homer, N.  and Marth, G.  and Abecasis, G.  and Durbin, R. ",
   Title="{{T}he {S}equence {A}lignment/{M}ap format and {S}{A}{M}tools}",
   Journal="Bioinformatics",
   Year="2009",
   Volume="25",
   Number="16",
   Pages="2078--2079",
   Month="Aug"
}

% 21653522 
@Article{pmid21653522,
   Author="Danecek, P.  and Auton, A.  and Abecasis, G.  and Albers, C. A.  and Banks, E.  and DePristo, M. A.  and Handsaker, R. E.  and Lunter, G.  and Marth, G. T.  and Sherry, S. T.  and McVean, G.  and Durbin, R.  and Durbin, R.  and Altshuler, D.  and Abecasis, G.  and Bentley, D.  and Chakravarti, A.  and Clark, A.  and De La Vega, F.  and Donnelly, P.  and Dunn, M.  and Flicek, P.  and Gabriel, S.  and Green, E.  and Gibbs, R.  and Knoppers, B.  and Lander, E.  and Lehrach, H.  and Mardis, E.  and Marth, G.  and McVean, G.  and Nickerson, D.  and Schmidt, J.  and Sherry, S.  and Wang, J.  and Wilson, R.  and Knoppers, B.  and Chakravarti, A.  and Abecasis, G.  and Barnes, K.  and Bedoya, G.  and Brooks, L.  and Bull, S.  and Burchard, E.  and Bustamante, C.  and Clemm, N.  and Conway, D.  and Corrah, T.  and De La Vega, F.  and Dunstan, S.  and Dutil, J.  and Gallo, C.  and Garcia-Montero, A.  and Gharani, N.  and Gibbs, R.  and Gignoux, C.  and Gravel, S.  and Henn, B.  and Heyderman, R.  and Humphray, S.  and Jallow, M.  and Jorde, L.  and Kaye, J.  and Keinan, A.  and Kent, A.  and Kumarasamy, T.  and Kwiatkowski, D.  and Lee, C.  and Li, R.  and Li, T.  and Martinez-Cruzado, J. C.  and Mathias, R.  and McGuire, A.  and McVean, G.  and McEwen, J.  and Moreno, A.  and Mullikin, J.  and Oleksyk, T.  and Ossorio, P.  and Parker, M.  and Parra, V.  and Poletti, G.  and Presgraves, D.  and Reich, D.  and Rotimi, C.  and Ruiz-Linares, A.  and Saleheen, D.  and Joof, F. S.  and Su, Y.  and Sudbrak, R.  and Taylor, H.  and Timmermann, B.  and Tishkoff, S.  and Toji, L.  and Tyler-Smith, C.  and Via, M.  and Wang, W.  and Wilson, J.  and Yang, G.  and Yang, L.  and Mardis, E.  and Gabriel, S.  and Abecasis, G.  and Ambrogio, L.  and Balasubramaniam, S.  and Belaia, Z.  and Bentley, D.  and Blackwell, T.  and Borodina, T.  and Brooks, L.  and Cibulskis, K.  and Clarke, L.  and Clemm, N.  and Coffrey, A.  and Costa, G.  and Dahl, A.  and Danecek, P.  and De La Vega, F.  and Danecek, P.  and Durbin, R.  and Felsenfeld, A.  and Fennell, T.  and Flicek, P.  and Fulton, L.  and Gibbs, R.  and Humphray, S.  and Indap, A.  and Iqbal, Z.  and Jaffe, D.  and Katzman, S.  and Keane, T.  and Kuhn, R.  and Li, R.  and McCarthy, S.  and McKernan, K.  and McVean, G.  and Metzker, M.  and Mertes, F.  and Muzny, D.  and Nickerson, E.  and Nusbaum, C.  and Palotie, A.  and Reid, J.  and Shefler, E.  and Sherry, S.  and Shumway, M.  and Smith, R.  and Soldatov, A.  and Sougnez, C.  and Stalker, J.  and Sudbrak, R.  and Swerdlow, H.  and Timmermann, B.  and Wang, J.  and Weinstock, G.  and Wilson, R.  and Xiao, C.  and Yang, H.  and Bradley, H. Z.  and McVean, G.  and Abecasis, G.  and Abyzov, A.  and Agarwala, R.  and Albers, K.  and Alkan, C.  and Altshuler, D.  and Amstislavskiy, V.  and Anderson, P.  and del Angel, G.  and Arbiza, L.  and Auton, A.  and Awadalla, P.  and Ayub, Q.  and Bafna, V.  and Bainbridge, M.  and Balasubramaniam, S.  and Ball, A.  and Ball, E.  and Balasubramanian, S.  and Banks, E.  and Barrett, J.  and Bashir, A.  and Batzer, M.  and Bauer, M.  and Bentley, D.  and Birney, E.  and Blackburne, B.  and Blackwell, T.  and Blekhman, R.  and Bloom, T.  and Boyko, A.  and Bonnen, P.  and Brisbin, A.  and Brooks, L.  and Browning, B.  and Browning, S.  and Bustamante, C.  and Byrnes, J.  and Cappellieri, A.  and Caccamo, M.  and Cardin, N.  and Chakravarti, A.  and Challis, D.  and Cheetham, K.  and Chen, K.  and Chen, Y.  and Chen, W.  and Chinwalla, A.  and Christoforides, A.  and Cibulskis, K.  and Clark, A.  and Clarke, L.  and Clemm, N.  and Coarfa, C.  and Coffrey, A.  and Conrad, D.  and Cox, T.  and Craig, D.  and Curran, M.  and Daly, M.  and Danecek, P.  and de Bakker, P.  and Degenhardt, J.  and De La Vega, F.  and DePristo, M.  and Dermitzakis, M.  and Ding, J.  and Ding, L.  and Donnelly, P.  and Dooling, D.  and Du, J.  and Durbin, J.  and Durbin, R.  and Eberle, M.  and Eichler, E.  and Fallon, V.  and Fennell, T.  and Flicek, P.  and Freeman, C.  and Fromer, M.  and Fu, Y.  and Fu, Y.  and Gabriel, S.  and Gaffney, D.  and Garimella, K.  and Garrison, E.  and Gerstein, M.  and Gibbs, R.  and Gottipati, S.  and Gravel, S.  and Greer, D.  and Grossman, S.  and Grubert, F.  and Gutenkunst, R.  and Ha, G.  and Habegger, L.  and Haimel, M.  and Hajirasouliha, I.  and Handsaker, B.  and Hanna, M.  and Hansen, N.  and Haraksingh, R.  and Hartl, C.  and Haussler, D.  and Henn, B.  and Hernandez, R.  and Herrero, J.  and Herwig, R.  and Hinrichs, A.  and Homer, N.  and Hormozdiari, F.  and Howie, B.  and Hu, M.  and Huang, N.  and Huang, W.  and Humphray, S.  and Hurles, M.  and Hyland, F.  and Indap, A.  and Iqbal, Z.  and Izatt, T.  and Jaffe, D.  and Jin, H.  and Jones, S.  and Jorde, L.  and Jostins, L.  and Kaganovich, M.  and Kahn, S.  and Kang, H. M.  and Kang, J.  and Katzman, S.  and Keane, T.  and Keebler, J.  and Kelley, J.  and Kent, J.  and Keinan, A.  and Kern, A.  and Kernytsky, A.  and Kersey, P.  and Khurana, E.  and Kidd, J.  and Ko, A.  and Koboldt, D.  and Konkel, M.  and Korbel, J.  and Korn, J.  and Kuhn, R.  and Kural, D.  and Kurdoglu, A.  and Lacroute, P.  and Lam, H.  and Lander, E.  and Lappalainen, T.  and Le, Q.  and Lee, C.  and Lee, J.  and Lee, J.  and Lee, W. P.  and Leng, J.  and Leong, W. F.  and Li, B.  and Li, G.  and Li, H.  and Li, L.  and Li, R.  and Li, Y.  and Li, Y.  and Liang, L.  and Lohmueller, K.  and Long, J.  and Long, Q.  and Lunter, G.  and Ma, X.  and MacArthur, D.  and Maguire, J.  and Majumder, P.  and Makarov, V.  and Marchini, J.  and Mardis, E.  and Marioni, J.  and Marth, G.  and McCarroll, S.  and McCarthy, S.  and McKenna, A.  and McLellan, M.  and Melton, C.  and Merriman, B.  and Mills, R.  and Montgomery, S.  and Moutsianas, L.  and Mu, X.  and Mullikin, J.  and Murray, L.  and Musharoff, S.  and Muzny, D.  and Myers, S.  and Nelson, S.  and Nemesh, J.  and Nickerson, E.  and Nielsen, R.  and Ning, Z.  and Parkhomchuk, D.  and Parkhomenko, E.  and Paschall, J.  and Pearson, J.  and Peckham, H.  and Poplin, R.  and Presgraves, D.  and Pickrell, J.  and Price, A.  and Pritchard, J.  and Przeworski, M.  and Purcell, S.  and Quinlan, A.  and Reid, J.  and Rivas, M.  and Rosenfeld, J.  and Ruiz-Linares, A.  and Sabeti, P.  and Sabo, A.  and Sajjadian, S.  and Sakarya, O.  and Scally, A.  and Schaffner, S.  and Scheet, P.  and Sebat, J.  and Shakir, K.  and Sharpe, T.  and Shaw, R.  and Shefler, E.  and Sherry, S.  and Shi, X. M.  and Shlyakhter, I.  and Shumway, M.  and Sinari, S.  and Sivachenko, A.  and Smith, R.  and Snyder, M.  and Snyder, M.  and Sougnez, C.  and Squire, K.  and Stalker, J.  and Stephens, M.  and Stewart, C.  and Stromberg, M.  and Su, Y.  and Sudbrak, R.  and Sudmant, P.  and Sun, Y.  and Taylor, P.  and Thomas, D.  and Tishkoff, S.  and Tsung, E.  and Tyler-Smith, C.  and Urban, A.  and Vincenza, C.  and Wallis, J.  and Walker, J.  and Walter, K.  and Wan, Z.  and Wang, J.  and Wang, W.  and Wang, Y.  and Wang, Y.  and Ward, A.  and Webster, T.  and Weinstock, G.  and Wendl, M.  and Wheeler, D.  and Wong, Y.  and Wu, J.  and Xiao, C.  and Xing, J.  and Xue, Y.  and Yan, X.  and Ye, K.  and Ye, K.  and Yoon, S.  and Yu, F.  and Yu, J.  and Zerbino, D.  and Zhan, X.  and Zhan, Y.  and Zhang, K.  and Zhang, Q.  and Zhang, Y.  and Zhao, H.  and Zhang, C. K.  and Zhang, Z.  and Bradley, H. Z.  and Zheng, W.  and Zody, M.  and Zoellner, S.  and Flicek, P.  and Sherry, S.  and Abecasis, G.  and Alkan, C.  and Balasubramaniam, S.  and Birney, E.  and Bloom, T.  and Brockington, C.  and Cibulskis, K.  and Clarke, L.  and Cochrane, G.  and Cox, T.  and Craig, D.  and De La Vega, F.  and Dooling, D.  and Fennell, T.  and Gibbs, R.  and Haussler, D.  and Hinrichs, A.  and Humphray, S.  and Iqbal, Z.  and Jamieson, R.  and Kahn, S.  and Katzman, S.  and Keane, T.  and Kent, J.  and Kern, A.  and Ko, A.  and Kuhn, R.  and Li, G.  and Li, R.  and Manning, J.  and McCarthy, S.  and McVean, G.  and Metzker, M.  and Muzny, D.  and Nietfeld, W.  and Paschal, J.  and Peckham, H.  and Reid, J.  and Sajjadian, S.  and Sanders, R.  and Sherry, S.  and Shumway, M.  and Skelly, T.  and Smith, R.  and Stalker, J.  and Sudbrak, R.  and Wang, J.  and Weinstock, G.  and Wilkinson, J.  and Xiao, C.  and Bradley, H. Z.  and Amstislavskiy, V.  and Deiros, D.  and Freeman, C.  and McVean, G.  and Przeworski, M.  and Przeworski, M.  and Abecasis, G.  and Arbiza, L.  and Auton, A.  and Ayub, Q.  and Balasubramanian, S.  and Barrett, J.  and Blekham, R.  and Boyko, A.  and Bustamante, C.  and Byrnes, J.  and Chakravarti, A.  and Clark, A.  and Conrad, D.  and Craig, D.  and Dermitzakis, M.  and Durbin, R.  and Fu, Y.  and Gabriel, S.  and Garrison, E.  and Gerstein, M.  and Gottipati, S.  and Gravel, S.  and Grossman, S.  and Gutenkunst, R.  and Habegger, L.  and Handsaker, B.  and Henn, B.  and Hernandez, R.  and Howie, B.  and Hu, M.  and Huang, N.  and Hurles, M.  and Iqbal, Z.  and Indap, A.  and Jin, H.  and Jostins, L.  and Kang, J.  and Katzman, S.  and Keinan, A.  and Kelley, J.  and Khurana, E.  and Kidd, J.  and Lacroute, P.  and Lee, J.  and Leng, J.  and Li, B.  and Li, H.  and Li, L.  and Long, Q.  and Lunter, G.  and MacArthur, D.  and Melton, C.  and Montgomery, S.  and Mu, X.  and Musharoff, S.  and Nielsen, R.  and Presgraves, D.  and Pritchard, J.  and Sabeti, P.  and Shlyakhter, I.  and Snyder, M.  and Tyler-Smith, C.  and Wang, W.  and Zhang, C. K.  and Zhang, Z.  and Zhao, H.  and Eichler, E.  and Hurles, M.  and Lee, C.  and Abyzov, A.  and Alkan, C.  and del Angel, G.  and Bafna, V.  and Banks, E.  and Bashir, A.  and Batzer, M.  and Birney, E.  and Blackburne, B.  and Blackwell, T.  and Caccamo, M.  and Cardin, N.  and Cheetham, K.  and Chen, K.  and Chinwalla, A.  and Clarke, L.  and Conrad, D.  and Craig, D.  and Degenhardt, J.  and De La Vega, F.  and DePristo, M.  and Ding, L.  and Fromer, M.  and Fu, Y.  and Garrison, E.  and Gerstein, M.  and Greer, D.  and Grubert, F.  and Ha, G.  and Haimel, M.  and Hajirasouliha, I.  and Handsaker, B.  and Haraksingh, R.  and Hartl, C.  and Homer, N.  and Hormozdiari, F.  and Humphray, S.  and Iqbal, Z.  and Jones, S.  and Kaganovich, M.  and Kahn, S.  and Kersey, P.  and Khurana, E.  and Kidd, J.  and Ko, A.  and Konkel, M.  and Korbel, J.  and Korn, J.  and Kural, D.  and Lacroute, P.  and Lam, H.  and Lee, J.  and Leng, J.  and Li, H.  and Li, Y.  and Lunter, G.  and Marth, G.  and McCarroll, S.  and McLellan, M.  and Mills, R.  and Makarov, V.  and Mu, X.  and Murray, L.  and Nelson, S.  and Nemesh, J.  and Ning, Z.  and Parkhomenko, E.  and Peckham, H.  and Quinlan, A.  and Sajjadian, S.  and Scally, A.  and Sebat, J.  and Shakir, K.  and Shaw, R.  and Snyder, M.  and Snyder, M.  and Stewart, C.  and Stromberg, M.  and Sudmant, P.  and Sun, Y.  and Thomas, D.  and Urban, A.  and Wallis, J.  and Walker, J.  and Walter, K.  and Ward, A.  and Wu, J.  and Xiao, C.  and Xing, J.  and Ye, K.  and Yoon, S.  and Zerbino, D.  and Zhang, Y.  and Zhang, Z.  and Bradley, H. Z.  and Gibbs, R.  and Marth, G.  and Abecasis, G.  and Albers, K.  and Bainbridge, M.  and Balasubramaniam, S.  and Balasubramanian, S.  and Blackwell, T.  and Bustamanter, C.  and Challis, D.  and Cibulskis, K.  and Clark, A.  and Clarke, L.  and Coarfa, C.  and Coffrey, A.  and DePristo, M.  and Dermitzakis, M.  and Dooling, D.  and Durbin, R.  and Fennell, T.  and Flicek, P.  and Fulton, L.  and Fulton, R.  and Gabriel, S.  and Garimella, K.  and Garrison, E.  and Gibbs, R.  and Gravel, S.  and Hartl, C.  and Indap, A.  and Iqbal, Z.  and Katzman, S.  and Keane, T.  and Koboldt, D.  and Leong, W. F.  and MacArthur, D.  and Mardis, E.  and McVean, G.  and Muzny, D.  and Nickerson, E.  and Palotie, A.  and Paschall, J.  and Reid, J.  and Quinlan, A.  and Sabo, A.  and Shefler, E.  and Sherry, S.  and Shumway, M.  and Smith, R.  and Sougnez, C.  and Stalker, J.  and Sudmant, P.  and Tyler-Smith, C.  and Wang, Y.  and Wang, Y.  and Wilkinson, J.  and Xiao, C.  and Yu, F.  and Bradley, H. Z.  and Brooks, L.  and Felsenfeld, A.  and McEwen, J.  and Clemm, N.  and Duncanson, A.  and Dunn, M.  and Eichler, E.  and Guyer, M.  and Hurles, M.  and Hyland, F.  and Jamieson, R.  and Kalin, N.  and Kang, L.  and Laplace, F.  and Lee, C.  and Liu, Y.  and Michelson, A.  and Peterson, J.  and Ren, Z.  and Wang, J. ",
   Title="{{T}he variant call format and {V}{C}{F}tools}",
   Journal="Bioinformatics",
   Year="2011",
   Volume="27",
   Number="15",
   Pages="2156--2158",
   Month="Aug"
}

% 25553206 
@Article{pmid25553206,
   Author="Koboldt, D. C.  and Larson, D. E.  and Wilson, R. K. ",
   Title="{{U}sing {V}ar{S}can 2 for {G}ermline {V}ariant {C}alling and {S}omatic {M}utation {D}etection}",
   Journal="Curr Protoc Bioinformatics",
   Year="2013",
   Volume="44",
   Pages="1--17",
   Month="Dec"
}

% 22300766 
@Article{pmid22300766,
   Author="Koboldt, D. C.  and Zhang, Q.  and Larson, D. E.  and Shen, D.  and McLellan, M. D.  and Lin, L.  and Miller, C. A.  and Mardis, E. R.  and Ding, L.  and Wilson, R. K. ",
   Title="{{V}ar{S}can 2: somatic mutation and copy number alteration discovery in cancer by exome sequencing}",
   Journal="Genome Res.",
   Year="2012",
   Volume="22",
   Number="3",
   Pages="568--576",
   Month="Mar"
}

% 25161249 
@Article{pmid25161249,
   Author="Tian, R.  and Basu, M. K.  and Capriotti, E. ",
   Title="{{C}ontrast{R}ank: a new method for ranking putative cancer driver genes and classification of tumor samples}",
   Journal="Bioinformatics",
   Year="2014",
   Volume="30",
   Number="17",
   Pages="i572--578",
   Month="Sep"
}

% 24479672 
@Article{pmid24479672,
   Author="Raphael, B. J.  and Dobson, J. R.  and Oesper, L.  and Vandin, F. ",
   Title="{{I}dentifying driver mutations in sequenced cancer genomes: computational approaches to enable precision medicine}",
   Journal="Genome Med",
   Year="2014",
   Volume="6",
   Number="1",
   Pages="5"
}

% 25001846 
@Article{pmid25001846,
   Author="Ding, L.  and Wendl, M. C.  and McMichael, J. F.  and Raphael, B. J. ",
   Title="{{E}xpanding the computational toolbox for mining cancer genomes}",
   Journal="Nat. Rev. Genet.",
   Year="2014",
   Volume="15",
   Number="8",
   Pages="556--570",
   Month="Aug"
}

% 23539594 
@Article{pmid23539594,
   Author="Vogelstein, B.  and Papadopoulos, N.  and Velculescu, V. E.  and Zhou, S.  and Diaz, L. A.  and Kinzler, K. W. ",
   Title="{{C}ancer genome landscapes}",
   Journal="Science",
   Year="2013",
   Volume="339",
   Number="6127",
   Pages="1546--1558",
   Month="Mar"
}

% 27911828 
@Article{pmid27911828,
   Author="Tokheim, C. J.  and Papadopoulos, N.  and Kinzler, K. W.  and Vogelstein, B.  and Karchin, R. ",
   Title="{{E}valuating the evaluation of cancer driver genes}",
   Journal="Proc. Natl. Acad. Sci. U.S.A.",
   Year="2016",
   Volume="113",
   Number="50",
   Pages="14330--14335",
   Month="Dec"
}

% 21376230 
@Article{pmid21376230,
   Author="Hanahan, D.  and Weinberg, R. A. ",
   Title="{{H}allmarks of cancer: the next generation}",
   Journal="Cell",
   Year="2011",
   Volume="144",
   Number="5",
   Pages="646--674",
   Month="Mar"
}

% 28482034 
@Article{pmid28482034,
   Author="Capriotti, E.  and Fariselli, P. ",
   Title="{{P}h{D}-{S}{N}{P}g: a webserver and lightweight tool for scoring single nucleotide variants}",
   Journal="Nucleic Acids Res.",
   Year="2017",
   Month="May"
}

@article{Reference1,
	Abstract = {We have developed an enhanced Littrow configuration extended cavity diode laser (ECDL) that can be tuned without changing the direction of the output beam. The output of a conventional Littrow ECDL is reflected from a plane mirror fixed parallel to the tuning diffraction grating. Using a free-space Michelson wavemeter to measure the laser wavelength, we can tune the laser over a range greater than 10 nm without any alteration of alignment.},
	Author = {C. J. Hawthorn and K. P. Weber and R. E. Scholten},
	Journal = {Review of Scientific Instruments},
	Month = {12},
	Number = {12},
	Numpages = {3},
	Pages = {4477--4479},
	Title = {Littrow Configuration Tunable External Cavity Diode Laser with Fixed Direction Output Beam},
	Volume = {72},
	Url = {http://link.aip.org/link/?RSI/72/4477/1},
	Year = {2001}}

@article{Reference3,
	Abstract = {Operating a laser diode in an extended cavity which provides frequency-selective feedback is a very effective method of reducing the laser's linewidth and improving its tunability. We have developed an extremely simple laser of this type, built from inexpensive commercial components with only a few minor modifications. A 780~nm laser built to this design has an output power of 80~mW, a linewidth of 350~kHz, and it has been continuously locked to a Doppler-free rubidium transition for several days.},
	Author = {A. S. Arnold and J. S. Wilson and M. G. Boshier and J. Smith},
	Journal = {Review of Scientific Instruments},
	Month = {3},
	Number = {3},
	Numpages = {4},
	Pages = {1236--1239},
	Title = {A Simple Extended-Cavity Diode Laser},
	Volume = {69},
	Url = {http://link.aip.org/link/?RSI/69/1236/1},
	Year = {1998}}

@article{Reference2,
	Abstract = {We present a review of the use of diode lasers in atomic physics with an extensive list of references. We discuss the relevant characteristics of diode lasers and explain how to purchase and use them. We also review the various techniques that have been used to control and narrow the spectral outputs of diode lasers. Finally we present a number of examples illustrating the use of diode lasers in atomic physics experiments. Review of Scientific Instruments is copyrighted by The American Institute of Physics.},
	Author = {Carl E. Wieman and Leo Hollberg},
	Journal = {Review of Scientific Instruments},
	Keywords = {Diode Laser},
	Month = {1},
	Number = {1},
	Numpages = {20},
	Pages = {1--20},
	Title = {Using Diode Lasers for Atomic Physics},
	Volume = {62},
	Url = {http://link.aip.org/link/?RSI/62/1/1},
	Year = {1991}}

% 26111056
@Article{pmid26111056,
    Author="Tian, R.  and Basu, M. K. and Capriotti, E. ",
    Title="{{C}omputational methods and resources for the interpretation of genomic variants in cancer}",
    Journal="BMC Genomics",
    Year="2015",
    Volume="16 Suppl 8",
    Pages="S7"
}
